@article{sanderson2010test,
  title={Test Collection Based Evaluation of Information Retrieval Systems},
  author={Sanderson, Mark},
  journal={Information Retrieval},
  volume={4},
  number={4},
  pages={247--375},
  year={2010}
}
@article{cooper1973selecting,
  title={On selecting a measure of retrieval effectiveness},
  author={Cooper, William S},
  journal={Journal of the American Society for Information Science},
  volume={24},
  number={2},
  pages={87--100},
  year={1973},
  publisher={Wiley Online Library}
}
@article{scells2016qut,
  title={QUT at the NTCIR Lifelog Semantic Access Task},
  author={Scells, Harrisen and Zuccon, Guido and Kitto, Kirsty},
  journal={Proceedings of NTCIR-12, Tokyo, Japan},
  year={2016},
  pages={375-377}
}
@article{de40lemore,
  title={LEMoRe: A Lifelog Engine for Moments Retrieval at the NTCIR-Lifelog LSAT Task},
  author={de Oliveira Barra, Gabriel and Ayala, Alejandro Cartas and Bola{\~n}os, Marc and Dimiccoli, Mariella and Giro-i-Nieto, Xavier and Radeva, Petia},
  journal={Proceedings of NTCIR-12, Tokyo, Japan},
  year={2016},
  pages={366-371}
}